%YAML 1.1
%TAG !u! tag:unity3d.com,2011:
--- !u!1 &1327014389402663615
GameObject:
  m_ObjectHideFlags: 0
  m_CorrespondingSourceObject: {fileID: 0}
  m_PrefabInstance: {fileID: 0}
  m_PrefabAsset: {fileID: 0}
  serializedVersion: 6
  m_Component:
  - component: {fileID: 6565896735247491478}
  m_Layer: 0
  m_Name: StartPoint
  m_TagString: Untagged
  m_Icon: {fileID: 0}
  m_NavMeshLayer: 0
  m_StaticEditorFlags: 0
  m_IsActive: 1
--- !u!4 &6565896735247491478
Transform:
  m_ObjectHideFlags: 0
  m_CorrespondingSourceObject: {fileID: 0}
  m_PrefabInstance: {fileID: 0}
  m_PrefabAsset: {fileID: 0}
  m_GameObject: {fileID: 1327014389402663615}
  m_LocalRotation: {x: -0, y: -0, z: -0, w: 1}
  m_LocalPosition: {x: 0, y: 0, z: -450}
  m_LocalScale: {x: 1, y: 1, z: 1}
  m_Children: []
  m_Father: {fileID: 8017726714502544482}
  m_RootOrder: 0
  m_LocalEulerAnglesHint: {x: 0, y: 0, z: 0}
--- !u!1 &5116431580119212576
GameObject:
  m_ObjectHideFlags: 0
  m_CorrespondingSourceObject: {fileID: 0}
  m_PrefabInstance: {fileID: 0}
  m_PrefabAsset: {fileID: 0}
  serializedVersion: 6
  m_Component:
  - component: {fileID: 8017726714502544482}
  - component: {fileID: -5818144805919056710}
  - component: {fileID: 6402053405867011033}
  m_Layer: 0
  m_Name: Level02
  m_TagString: Untagged
  m_Icon: {fileID: 0}
  m_NavMeshLayer: 0
  m_StaticEditorFlags: 0
  m_IsActive: 1
--- !u!4 &8017726714502544482
Transform:
  m_ObjectHideFlags: 0
  m_CorrespondingSourceObject: {fileID: 0}
  m_PrefabInstance: {fileID: 0}
  m_PrefabAsset: {fileID: 0}
  m_GameObject: {fileID: 5116431580119212576}
  m_LocalRotation: {x: 0, y: 0, z: 0, w: 1}
  m_LocalPosition: {x: 0, y: 0, z: 0}
  m_LocalScale: {x: 1, y: 1, z: 1}
  m_Children:
  - {fileID: 6565896735247491478}
  m_Father: {fileID: 0}
  m_RootOrder: 0
  m_LocalEulerAnglesHint: {x: 0, y: 0, z: 0}
--- !u!114 &-5818144805919056710
MonoBehaviour:
  m_ObjectHideFlags: 0
  m_CorrespondingSourceObject: {fileID: 0}
  m_PrefabInstance: {fileID: 0}
  m_PrefabAsset: {fileID: 0}
  m_GameObject: {fileID: 5116431580119212576}
  m_Enabled: 1
  m_EditorHideFlags: 0
  m_Script: {fileID: 11500000, guid: b2a6b5cea4ffe844c8984263800411b3, type: 3}
  m_Name: 
  m_EditorClassIdentifier: 
  _debrices: []
  _easyEnemies:
  - {fileID: 533904017170058445, guid: b38a2e9c8680f814e861d0d695614198, type: 3}
  _mediumEnemies:
  - {fileID: 7916290766724093744, guid: 103fcafe47222da45aba100a48515471, type: 3}
  _bossEnemies: []
  _levelType: 1
  _bossLevel: 0
  SpawnPoint: {fileID: 6565896735247491478}
  scoreRequirement: 300
  gameAreaTriggerer: {fileID: 6402053405867011033}
  portal: {fileID: -5809733981491138338, guid: 7f3f9061e1b1d1b4e860aa3dfabbbeb8, type: 3}
  healthPackPrefab: {fileID: -4985305012416105086, guid: 73627b417145d7f439f3966fa38e04f7,
    type: 3}
--- !u!135 &6402053405867011033
SphereCollider:
  m_ObjectHideFlags: 0
  m_CorrespondingSourceObject: {fileID: 0}
  m_PrefabInstance: {fileID: 0}
  m_PrefabAsset: {fileID: 0}
  m_GameObject: {fileID: 5116431580119212576}
  m_Material: {fileID: 0}
  m_IsTrigger: 1
  m_Enabled: 1
  serializedVersion: 2
  m_Radius: 500
  m_Center: {x: 0, y: 0, z: 0}
