%YAML 1.1
%TAG !u! tag:unity3d.com,2011:
--- !u!1 &2621030110284147335
GameObject:
  m_ObjectHideFlags: 0
  m_CorrespondingSourceObject: {fileID: 0}
  m_PrefabInstance: {fileID: 0}
  m_PrefabAsset: {fileID: 0}
  serializedVersion: 6
  m_Component:
  - component: {fileID: 3392358766160031805}
  - component: {fileID: 1782246527967281048}
  - component: {fileID: 4566430736889498450}
  - component: {fileID: -3317636264979544912}
  - component: {fileID: -4985305012416105086}
  - component: {fileID: -8173449921184963645}
  m_Layer: 0
  m_Name: Health_Pack
  m_TagString: Untagged
  m_Icon: {fileID: 0}
  m_NavMeshLayer: 0
  m_StaticEditorFlags: 0
  m_IsActive: 1
--- !u!4 &3392358766160031805
Transform:
  m_ObjectHideFlags: 0
  m_CorrespondingSourceObject: {fileID: 0}
  m_PrefabInstance: {fileID: 0}
  m_PrefabAsset: {fileID: 0}
  m_GameObject: {fileID: 2621030110284147335}
  m_LocalRotation: {x: 0, y: -0, z: -0, w: 1}
  m_LocalPosition: {x: -0, y: 0, z: 0}
  m_LocalScale: {x: 1, y: 1, z: 1}
  m_Children:
  - {fileID: 2084232465348964861}
  m_Father: {fileID: 0}
  m_RootOrder: 0
  m_LocalEulerAnglesHint: {x: 0, y: 0, z: 0}
--- !u!33 &1782246527967281048
MeshFilter:
  m_ObjectHideFlags: 0
  m_CorrespondingSourceObject: {fileID: 0}
  m_PrefabInstance: {fileID: 0}
  m_PrefabAsset: {fileID: 0}
  m_GameObject: {fileID: 2621030110284147335}
  m_Mesh: {fileID: 7368580236171047275, guid: 4c98dd99f9a77544a838e931d3e55559, type: 3}
--- !u!23 &4566430736889498450
MeshRenderer:
  m_ObjectHideFlags: 0
  m_CorrespondingSourceObject: {fileID: 0}
  m_PrefabInstance: {fileID: 0}
  m_PrefabAsset: {fileID: 0}
  m_GameObject: {fileID: 2621030110284147335}
  m_Enabled: 1
  m_CastShadows: 1
  m_ReceiveShadows: 1
  m_DynamicOccludee: 1
  m_MotionVectors: 1
  m_LightProbeUsage: 1
  m_ReflectionProbeUsage: 1
  m_RayTracingMode: 2
  m_RenderingLayerMask: 1
  m_RendererPriority: 0
  m_Materials:
  - {fileID: 2100000, guid: 4aa800f981045304fabd7bd9389fa6cc, type: 2}
  m_StaticBatchInfo:
    firstSubMesh: 0
    subMeshCount: 0
  m_StaticBatchRoot: {fileID: 0}
  m_ProbeAnchor: {fileID: 0}
  m_LightProbeVolumeOverride: {fileID: 0}
  m_ScaleInLightmap: 1
  m_ReceiveGI: 1
  m_PreserveUVs: 0
  m_IgnoreNormalsForChartDetection: 0
  m_ImportantGI: 0
  m_StitchLightmapSeams: 1
  m_SelectedEditorRenderState: 3
  m_MinimumChartSize: 4
  m_AutoUVMaxDistance: 0.5
  m_AutoUVMaxAngle: 89
  m_LightmapParameters: {fileID: 0}
  m_SortingLayerID: 0
  m_SortingLayer: 0
  m_SortingOrder: 0
--- !u!65 &-3317636264979544912
BoxCollider:
  m_ObjectHideFlags: 0
  m_CorrespondingSourceObject: {fileID: 0}
  m_PrefabInstance: {fileID: 0}
  m_PrefabAsset: {fileID: 0}
  m_GameObject: {fileID: 2621030110284147335}
  m_Material: {fileID: 0}
  m_IsTrigger: 1
  m_Enabled: 1
  serializedVersion: 2
  m_Size: {x: 1, y: 1, z: 1}
  m_Center: {x: 0, y: 0, z: 0}
--- !u!114 &-4985305012416105086
MonoBehaviour:
  m_ObjectHideFlags: 0
  m_CorrespondingSourceObject: {fileID: 0}
  m_PrefabInstance: {fileID: 0}
  m_PrefabAsset: {fileID: 0}
  m_GameObject: {fileID: 2621030110284147335}
  m_Enabled: 1
  m_EditorHideFlags: 0
  m_Script: {fileID: 11500000, guid: 0c465481175701f4eab707abce60da23, type: 3}
  m_Name: 
  m_EditorClassIdentifier: 
  healthPoint: 0
--- !u!123 &-8173449921184963645
LensFlare:
  m_ObjectHideFlags: 0
  m_CorrespondingSourceObject: {fileID: 0}
  m_PrefabInstance: {fileID: 0}
  m_PrefabAsset: {fileID: 0}
  m_GameObject: {fileID: 2621030110284147335}
  m_Enabled: 1
  m_Flare: {fileID: 0}
  m_Color: {r: 0.9811321, g: 0.9198601, b: 0, a: 0}
  m_Brightness: 1
  m_FadeSpeed: 3
  m_IgnoreLayers:
    serializedVersion: 2
    m_Bits: 6
  m_Directional: 0
--- !u!1001 &2088609218283559279
PrefabInstance:
  m_ObjectHideFlags: 0
  serializedVersion: 2
  m_Modification:
    m_TransformParent: {fileID: 3392358766160031805}
    m_Modifications:
    - target: {fileID: 1919913695092184, guid: 1e00a4340f4ae8a4b8253da4ffaa7c82, type: 3}
      propertyPath: m_Name
      value: Magic Orb
      objectReference: {fileID: 0}
    - target: {fileID: 4667868370430098, guid: 1e00a4340f4ae8a4b8253da4ffaa7c82, type: 3}
      propertyPath: m_RootOrder
      value: 0
      objectReference: {fileID: 0}
    - target: {fileID: 4667868370430098, guid: 1e00a4340f4ae8a4b8253da4ffaa7c82, type: 3}
      propertyPath: m_LocalPosition.x
      value: 0
      objectReference: {fileID: 0}
    - target: {fileID: 4667868370430098, guid: 1e00a4340f4ae8a4b8253da4ffaa7c82, type: 3}
      propertyPath: m_LocalPosition.y
      value: 0
      objectReference: {fileID: 0}
    - target: {fileID: 4667868370430098, guid: 1e00a4340f4ae8a4b8253da4ffaa7c82, type: 3}
      propertyPath: m_LocalPosition.z
      value: 0
      objectReference: {fileID: 0}
    - target: {fileID: 4667868370430098, guid: 1e00a4340f4ae8a4b8253da4ffaa7c82, type: 3}
      propertyPath: m_LocalRotation.w
      value: 0.7071068
      objectReference: {fileID: 0}
    - target: {fileID: 4667868370430098, guid: 1e00a4340f4ae8a4b8253da4ffaa7c82, type: 3}
      propertyPath: m_LocalRotation.x
      value: -0.7071068
      objectReference: {fileID: 0}
    - target: {fileID: 4667868370430098, guid: 1e00a4340f4ae8a4b8253da4ffaa7c82, type: 3}
      propertyPath: m_LocalRotation.y
      value: 0
      objectReference: {fileID: 0}
    - target: {fileID: 4667868370430098, guid: 1e00a4340f4ae8a4b8253da4ffaa7c82, type: 3}
      propertyPath: m_LocalRotation.z
      value: 0
      objectReference: {fileID: 0}
    - target: {fileID: 4667868370430098, guid: 1e00a4340f4ae8a4b8253da4ffaa7c82, type: 3}
      propertyPath: m_LocalEulerAnglesHint.x
      value: -90
      objectReference: {fileID: 0}
    - target: {fileID: 4667868370430098, guid: 1e00a4340f4ae8a4b8253da4ffaa7c82, type: 3}
      propertyPath: m_LocalEulerAnglesHint.y
      value: 0
      objectReference: {fileID: 0}
    - target: {fileID: 4667868370430098, guid: 1e00a4340f4ae8a4b8253da4ffaa7c82, type: 3}
      propertyPath: m_LocalEulerAnglesHint.z
      value: 0
      objectReference: {fileID: 0}
    - target: {fileID: 198111710524089246, guid: 1e00a4340f4ae8a4b8253da4ffaa7c82,
        type: 3}
      propertyPath: InitialModule.startColor.maxColor.b
      value: 1
      objectReference: {fileID: 0}
    - target: {fileID: 198111710524089246, guid: 1e00a4340f4ae8a4b8253da4ffaa7c82,
        type: 3}
      propertyPath: InitialModule.startColor.maxColor.g
      value: 1
      objectReference: {fileID: 0}
    - target: {fileID: 198111710524089246, guid: 1e00a4340f4ae8a4b8253da4ffaa7c82,
        type: 3}
      propertyPath: InitialModule.startColor.maxColor.r
      value: 1
      objectReference: {fileID: 0}
    - target: {fileID: 198470868727049936, guid: 1e00a4340f4ae8a4b8253da4ffaa7c82,
        type: 3}
      propertyPath: InitialModule.startColor.maxColor.a
      value: 1
      objectReference: {fileID: 0}
    - target: {fileID: 198470868727049936, guid: 1e00a4340f4ae8a4b8253da4ffaa7c82,
        type: 3}
      propertyPath: InitialModule.startColor.maxColor.b
      value: 1
      objectReference: {fileID: 0}
    - target: {fileID: 198470868727049936, guid: 1e00a4340f4ae8a4b8253da4ffaa7c82,
        type: 3}
      propertyPath: InitialModule.startColor.maxColor.g
      value: 1
      objectReference: {fileID: 0}
    - target: {fileID: 198470868727049936, guid: 1e00a4340f4ae8a4b8253da4ffaa7c82,
        type: 3}
      propertyPath: InitialModule.startColor.maxColor.r
      value: 1
      objectReference: {fileID: 0}
    - target: {fileID: 198683964593574260, guid: 1e00a4340f4ae8a4b8253da4ffaa7c82,
        type: 3}
      propertyPath: InitialModule.startColor.maxColor.b
      value: 1
      objectReference: {fileID: 0}
    - target: {fileID: 198683964593574260, guid: 1e00a4340f4ae8a4b8253da4ffaa7c82,
        type: 3}
      propertyPath: InitialModule.startColor.maxColor.g
      value: 1
      objectReference: {fileID: 0}
    - target: {fileID: 198683964593574260, guid: 1e00a4340f4ae8a4b8253da4ffaa7c82,
        type: 3}
      propertyPath: InitialModule.startColor.maxColor.r
      value: 1
      objectReference: {fileID: 0}
    m_RemovedComponents: []
  m_SourcePrefab: {fileID: 100100000, guid: 1e00a4340f4ae8a4b8253da4ffaa7c82, type: 3}
--- !u!4 &2084232465348964861 stripped
Transform:
  m_CorrespondingSourceObject: {fileID: 4667868370430098, guid: 1e00a4340f4ae8a4b8253da4ffaa7c82,
    type: 3}
  m_PrefabInstance: {fileID: 2088609218283559279}
  m_PrefabAsset: {fileID: 0}
